% This file was created with JabRef 2.9b2.
% Encoding: UTF-8

@MISC{Antenucci,
  author = {Antenucci, D. and Handy, G. and Modi, A. and Tinkerhess, M.},
  title = {Classification of Tweets via Clustering of Hashtags},
  year = {2011}
}

@MISC{Bootstrap,
  author = {{Bootstrap Team}},
  title = {Bootstrap},
  note = {\url{http://www.getbootstrap.com/}, [Online; zugegriffen am 20.03.2014]}
}

@MISC{BootstrapCompatibility,
  author = {{Bootstrap Team}},
  title = {Bootstrap - Browser and device support},
  note = {\url{http://www.getbootstrap.com/getting-started/\#support}, [Online;
	zugegriffen am 20.03.2014]}
}

@BOOK{BorgGroenen2005,
  title = {Modern Multidimensional Scaling: Theory and Applications},
  publisher = {Springer},
  year = {2005},
  author = {Borg, I. and Groenen, P. J. F.},
  keywords = {dimensionalityreduction mds method statistics}
}

@MISC{CSSMediaQueries,
  author = {{World Wide Web Consortium}},
  title = {Media Queries},
  note = {\url{http://www.w3.org/TR/css3-mediaqueries/}, [Online; zugegriffen
	am 24.03.2014]}
}

@MISC{WebStorage,
  author = {{World Wide Web Consortium}},
  title = {Web Storage},
  note = {\url{http://www.w3.org/TR/webstorage/}, [Online; zugegriffen am 24.03.2014]}
}

@MISC{D3TagCloud,
  author = {J. Davies},
  title = {D3 Word Cloud},
  note = {\url{http://www.jasondavies.com/wordcloud/}, [Online; zugegriffen
	am 20.03.2014]}
}

@MISC{d3,
  author = {{Data-Driven Documents}},
  title = {Data-Driven Documents},
  note = {\url{http://www.d3js.org/}},
  owner = {tobi},
  quality = {1},
  timestamp = {2014.03.27}
}

@PHDTHESIS{fielding,
  author = {Fielding, R. T.},
  title = {Architectural Styles and the Design of Network-based Software Architectures},
  school = {University of California, Irvine},
  year = {2000},
  owner = {tobi},
  quality = {1},
  timestamp = {2014.03.21}
}

@MISC{typeahead,
  author = {Harding, J. and Skarich, V. and Trueman, T.},
  title = {typeahead.js},
  note = {\url{http://twitter.github.io/typeahead.js/}, [Online; zugegriffen
	am 20.03.2014]}
}

@MISC{Highcharts,
  author = {{Highsoft AS}},
  title = {Highcharts},
  note = {\url{http://www.highcharts.com/}, [Online; zugegriffen am 20.03.2014]}
}

@BOOK{jolliffe2002principal,
  title = {Principal Component Analysis},
  publisher = {Springer},
  year = {2002},
  author = {Jolliffe, I. T.},
  series = {Springer Series in Statistics},
  isbn = {9780387954424},
  lccn = {2002019560},
  url = {http://books.google.de/books?id=TtVF-ao4fI8C}
}

@BOOK{seven_databases,
  title = {Seven Databases in Seven Weeks},
  publisher = {Pragmatic Bookshelf},
  year = {2012},
  author = {Redmond, E. and Wilson, J. R.},
  isbn = {9781934356920},
}

@BOOK{twitter_data_analytics,
  author = {Kumar, S. and Morstatter, F. and Liu, H.},
  title = {Twitter Data Analytics},
  publisher = {Springer},
  address = {New York, NY, USA},
  year = {2013},
  isbn = {9781461493723}
}

@MISC{Kappelhoff2001,
  author = {Kappelhoff, P.},
  title = {{Multidimensionale Skalierung - Beispiel zur Datenanalyse}},
  year = {2001},
  note = {\url{http://kappelhoff.wiwi.uni-wuppertal.de/fileadmin/kappelhoff/Downloads/Vorlesung/mds.pdf},
	[Online; zugegriffen am 07.02.2014]}
}

@ARTICLE{Kru1956,
  author = {Kruskal, J. B.},
  title = {On the shortest spanning subtree of a graph and the traveling salesman
	problem},
  journal = {Proceedings of the American Mathematical Society},
  year = {1956},
  volume = {7},
  pages = {48 - 50},
  number = {1}
}

@ARTICLE{Llo1982,
  author = {Lloyd, S.},
  title = {Least squares quantization in PCM},
  journal = {Information Theory, IEEE Transactions on},
  year = {1982},
  volume = {28},
  pages = {129-137},
  number = {2},
  month = {Mar},
  doi = {10.1109/TIT.1982.1056489},
  issn = {0018-9448},
  keywords = {Least-squares approximation;PCM communication;Quantization (signal);Signal
	quantization;Amplitude modulation;Frequency;Helium;Laplace equations;Least
	squares methods;Phase change materials;Pulse modulation;Quantization;Sampling
	methods;Voltage}
}

@MISC{MySQLutf8,
  author = {{Offizielle MySQL Dokumentation}},
  title = {10.1.10.6 The utf8mb4 Character Set (4-Byte UTF-8 Unicode Encoding)},
  note = {\url{https://dev.mysql.com/doc/refman/5.5/en/charset-unicode-utf8mb4.html} [Online, zugegriffen am 27.03.2013]}
}

@MISC{jQuery,
  author = {{The jQuery Foundation}},
  title = {jQuery},
  note = {\url{http://www.jquery.com/}, [Online; zugegriffen am 20.03.2014]}
}

@MISC{jQueryData,
  author = {{The jQuery Foundation}},
  title = {jQuery - API Documentation: data},
  note = {\url{http://api.jquery.com/data/}, [Online; zugegriffen am 20.03.2014]}
}

@MISC{GoogleTrendsWalker14,
  title = {Google Trends, Suchbegriff: walker},
  note = {\url{https://www.google.com/trends/explore/\#q=walker}, [Online;
	zugegriffen am 24.03.2014]},
  organization = {Google}
}

@INPROCEEDINGS{TsurLittman,
  author = {Tsur, O. and Littman, A. and Rappoport, A.},
  booktitle = {Proceedings of the 7th International Conference on Weblogs and Social
	Media},
  year = {2013},
  pages = {621-630}
}

@MISC{Twitter4J,
  title = {Twitter4J},
  note = {\url{http://twitter4j.org/en/index.html}, [Online; zugegriffen am
	27.03.2014]},
  owner = {tobi},
  quality = {1},
  timestamp = {2014.03.27}
}

@MISC{TwitterAccessTokens2014,
  author = {{Offizielle Twitter API Dokumentation}},
  title = {Obtaining access tokens},
  note = {\url{https://dev.twitter.com/docs/auth/obtaining-access-tokens/},
	[Online; zugegriffen am 24.03.2014]},
  organization = {Twitter}
}

@MISC{TwitterOAuth2014,
  author = {{Offizielle Twitter API Dokumentation}},
  title = {OAuth},
  note = {\url{https://dev.twitter.com/docs/auth/oauth/}, [Online; zugegriffen
	am 24.03.2014]},
  organization = {Twitter}
}

@MISC{TwitterRESTAPIv1.1,
  author = {{Offizielle Twitter API Dokumentation}},
  title = {REST API Rate Limiting in v1.1},
  note = {\url{https://dev.twitter.com/docs/rate-limiting/1.1/}, [Online; zugegriffen
	am 24.03.2014]},
  organization = {Twitter}
}

@MISC{TwitterRESTLimitsperResource2014,
  author = {{Offizielle Twitter API Dokumentation}},
  title = {REST API v1.1 Limits per window by resource},
  note = {\url{https://dev.twitter.com/docs/rate-limiting/1.1/limits/} [Online;
	zugegriffen am 24.03.2014] },
  organization = {Twitter}
}

@MISC{TwitterSearch2014,
  author = {{Offizielle Twitter API Dokumentation}},
  title = {GET search/tweets},
  note = {\url{https://dev.twitter.com/docs/api/1.1/get/search/tweets/}, [Online;
	zugegriffen am 24.03.2014]},
  organization = {Twitter}
}

@MISC{TwitterStreamingAPIs2014,
  author = {{Offizielle Twitter API Dokumentation}},
  title = {The Streaming APIs},
  note = {\url{https://dev.twitter.com/docs/api/streaming/}, [Online; zugegriffen
	am 24.03.2014]},
  organization = {Twitter}
}

@MISC{TwitterTweets,
  author = {{Offizielle Twitter API Dokumentation}},
  title = {Tweets},
  note = {\url{https://dev.twitter.com/docs/platform-objects/tweets/}, [Online;
	zugegriffen am 24.03.2014]},
  organization = {Twitter}
}

@MISC{TwitterUsers,
  author = {{Offizielle Twitter API Dokumentation}},
  title = {Users},
  note = {\url{https://dev.twitter.com/docs/platform-objects/users/}, [Online;
	zugegriffen am 24.03.2014]},
  organization = {Twitter}
}

@MISC{TwitterUsingSearch2014,
  author = {{Offizielle Twitter API Dokumentation}},
  title = {Using the Twitter Search API},
  note = {\url{https://dev.twitter.com/docs/using-search/}, [Online; zugegriffen
	am 24.03.2014]},
  organization = {Twitter}
}

@MISC{BrowserScope,
  title = {BrowserScope - Custom browsers network comparison},
  note = {\url{http://www.browserscope.org/?category=network&v=1&ua=Chrome%204%2CChrome%2035%2CFirefox%203%2CFirefox%2028%2CIE%208%2CIE%209%2CIE%2010%2COpera%2010%2COpera%2011%2CSafari%204%2CSafari%207},
	[Online; zugegriffen am 20.03.2014]}
}

@MISC{Jackson,
  title = {Jackson Java-Bibliothek},
  note = {\url{http://wiki.fasterxml.com/JacksonHome/}, [Online; zugegriffen
	am 26.03.2014]}
}

@MISC{JDBC,
  title = {Java Database Connectivity (JDBC) Java-Bibliothek},
  note = {\url{http://www.oracle.com/technetwork/java/javase/jdbc/index.html},
	[Online; zugegriffen am 26.03.2014]}
}

@MISC{Jersey,
  title = {Jersey Java-Bibliothek},
  note = {\url{https://jersey.java.net/}, [Online; zugegriffen am 26.03.2014]}
}

@MISC{log4J,
  title = {Log4J Java-Bibliothek},
  note = {\url{http://logging.apache.org/log4j/2.x/}, [Online; zugegriffen
	am 26.03.2014]},
  owner = {tobi},
  quality = {1},
  timestamp = {2014.03.27}
}

@MISC{mongodb,
  title = {MongoDB},
  note = {\url{https://www.mongodb.org/}, [Online; zugegriffen
	am 26.03.2014]},
  owner = {torsten},
  quality = {1},
  timestamp = {2014.03.27}
}

@article{Pang2008,
abstract = {An important part of our information-gathering behavior has always been to find out what other people think. With the growing availability and popularity of opinion-rich resources such as online review sites and personal blogs, new opportunities and challenges arise as people now can, and do, actively use information technologies to seek out and understand the opinions of others. The sudden eruption of activity in the area of opinion mining and sentiment analysis, which deals with the computational treatment of opinion, sentiment, and subjectivity in text, has thus occurred at least in part as a direct response to the surge of interest in new systems that deal directly with opinions as a first-class object. This survey covers techniques and approaches that promise to directly enable opinion-oriented information-seeking systems. Our focus is on methods that seek to address the new challenges raised by sentiment-aware applications, as compared to those that are already present in more traditional fact-based analysis. We include material on summarization of evaluative text and on broader issues regarding privacy, manipulation, and economic impact that the development of opinion-oriented information-access services gives rise to. To facilitate future work, a discussion of available resources, benchmark datasets, and evaluation campaigns is also provided.},
author = {Pang, Bo and Lee, Lillian},
chapter = {1},
doi = {10.1561/1500000001},
editor = {Aggarwal, C. C. and Zhai, C.},
file = {:home/haldir/.local/share/data/Mendeley Ltd./Mendeley Desktop/Downloaded/Pang, Lee - 2008 - Opinion Mining and Sentiment Analysis.pdf:pdf},
isbn = {1601981503},
issn = {15540669},
journal = {Foundations and Trends in Information Retrieval},
number = {1-2},
pages = {1--135},
publisher = {Now Publishers Inc.},
series = {Lecture Notes in Computer Science},
title = {{Opinion Mining and Sentiment Analysis}},
url = {https://www.cs.cornell.edu/home/llee/omsa/omsa.pdf},
volume = {2},
year = {2008}
}

@MISC{LiuLexicon,
  author = {Liu, B.},
  title = {Liu Opinion Lexicon},
  note = {\url{http://www.cs.uic.edu/~liub/FBS/sentiment-analysis.html#lexicon}, [Online; zugegriffen
	am 26.03.2014]},
  owner = {björn},
  quality = {1},
  timestamp = {2014.03.27}
}

@article{Stieglitz2012,
author = {Stieglitz, S. and Dang-Xuan, L.},
doi = {10.1007/s13278-012-0079-3},
journal = {Social Network Analysis and Mining},
number = {August 2012},
title = {{Social Media and Political Communication --- A Social Media Analytics Framework}},
url = {http://www.researchgate.net/publication/235632721\_Social\_Media\_and\_Political\_Communication\_-\_A\_Social\_Media\_Analytics\_Framework/file/79e41512111a26d3f3.pdf},
year = {2012}
}


